@misc{repository,
  author    = {C. Gavidia-Calderon and M. Hauru and I. Stenson and M. Yong},
  title     = {sqlsynthgen},
  year      = {2024},
  howpublished = {\url{https://github.com/alan-turing-institute/sqlsynthgen}}
}

@misc{omop,
  author    = {Observational Medical Outcomes Partnership (OMOP)},
  title     = {OMOP Common Data Model},
  year      = {2024},
  howpublished = {\url{https://www.ohdsi.org/data-standardization/the-common-data-model/}}
}

@misc{airbnb,
  author    = {Airbnb New User Bookings},
  title     = {Airbnb New User Bookings},
  year      = {2015},
  howpublished = {Kaggle, \url{https://www.kaggle.com/competitions/airbnb-recruiting-new-user-bookings}},
  note      = {[Accessed: November, 25, 2015]}
}

@misc{sqlalchemy,
  author    = {M. Bayer},
  title     = {SQLAlchemy},
  howpublished = {\url{https://www.sqlalchemy.org/}}
}

@article{tucker2020,
  author    = {A. Tucker and Z. Wang and Y. Rotalinti and P. Myles},
  title     = {Generating high-fidelity synthetic patient data for assessing machine learning healthcare software},
  journal   = {npj Digital Medicine},
  volume    = {3},
  year      = {2020},
  doi       = {10.1038/S41746-020-00353-9}
}

@article{schomerus2022,
  author    = {G. Schomerus and others},
  title     = {The stigma of alcohol-related liver disease and its impact on healthcare},
  journal   = {Journal of Hepatology},
  volume    = {77},
  number    = {2},
  pages     = {516--524},
  month     = {Aug},
  year      = {2022},
  doi       = {10.1016/j.jhep.2022.04.026}
}

@article{harris2022,
  author    = {S. Harris and T. Bonnici and T. Keen and W. Lilaonitkul and M. J. White and N. Swanepoel},
  title     = {Clinical deployment environments: Five pillars of translational machine learning for health},
  journal   = {Frontiers in Digital Health},
  volume    = {4},
  pages     = {939292},
  month     = {Aug},
  year      = {2022},
  doi       = {10.3389/fdgth.2022.939292}
}

@book{near2021,
  author    = {J. P. Near and C. Abuah},
  title     = {Programming Differential Privacy},
  volume    = {1},
  year      = {2021},
  howpublished = {\url{https://programming-dp.com/}}
}

@article{Werner2005,
  author    = {Rachel M. Werner and David A. Asch},
  title     = {The Unintended Consequences of Publicly Reporting Quality Information},
  journal   = {Journal of the American Medical Association},
  year      = {2005},
  volume    = {293},
  number    = {10},
  pages     = {1239--1244},
  url       = {https://www.researchgate.net/profile/Rachel-Werner-2/publication/7978337_The_Unintended_Consequences_of_Publicly_Reporting_Quality_Information/links/5422c46c0cf290c9e3ac208f/The-Unintended-Consequences-of-Publicly-Reporting-Quality-Information.pdf}
}

@inproceedings{Kopp2021MicrosoftSD,
  title={Microsoft SmartNoise Differential Privacy Machine Learning Case Studies},
  author={By Andreas Kopp and Joshua Allen and Andreas Becker and Sarah Bird and Ethan Cowan and Eduardo de Leon and Simone Droll and Anja Fiegler and J{\"o}rg Finkeisen and Julia Kabalar and Thomas Langkabel and Alexander Loth and Lucas Rosenblatt and Habiba Sarhan and Michael Shoemate and T. Walz and Kevin White},
  year={2021},
  url={https://api.semanticscholar.org/CorpusID:232375099}
}